@article{greenwade93,
    author  = "George D. Greenwade",
    title   = "The {C}omprehensive {T}ex {A}rchive {N}etwork ({CTAN})",
    year    = "1993",
    journal = "TUGBoat",
    volume  = "14",
    number  = "3",
    pages   = "342--351"
}

@article{fukunaga1975branch,
  title={A branch and bound algorithm for computing k-nearest neighbors},
  author={Fukunaga, Keinosuke and Narendra, Patrenahalli M.},
  journal={IEEE transactions on computers},
  volume={100},
  number={7},
  pages={750--753},
  year={1975},
  publisher={IEEE}
}

@ONLINE {leol,
    title = "League of Legends",
    year  = "2018",
    url   = "https://centraldeaprendizado.br.leagueoflegends.com/videos/rotas"
}